<record><leader>00000cas a2200000 a 4500</leader><controlfield tag="001">11688704</controlfield><controlfield tag="008">850213d19231926ksuwr ne      0   a0eng d</controlfield><datafield ind1=" " ind2=" " tag="010"><subfield code="a">sn 85030058 </subfield></datafield><datafield ind1=" " ind2=" " tag="040"><subfield code="a">KSH</subfield><subfield code="b">eng</subfield><subfield code="c">KSH</subfield><subfield code="d">NPT</subfield><subfield code="d">OCL</subfield><subfield code="d">OCLCQ</subfield></datafield><datafield ind1=" " ind2=" " tag="042"><subfield code="a">msc</subfield></datafield><datafield ind1="0" ind2=" " tag="130"><subfield code="a">Penalosa times (Penalosa, Kan. : 1923)</subfield></datafield><datafield ind1="1" ind2="4" tag="245"><subfield code="a">The Penalosa times.</subfield></datafield><datafield ind1=" " ind2=" " tag="260"><subfield code="a">Penalosa, Kan. :</subfield><subfield code="b">[s.n.],</subfield><subfield code="c">1923-1926.</subfield></datafield><datafield ind1=" " ind2=" " tag="300"><subfield code="a">3 v. :</subfield><subfield code="b">ill. ;</subfield><subfield code="c">56 cm.</subfield></datafield><datafield ind1=" " ind2=" " tag="310"><subfield code="a">Weekly</subfield></datafield><datafield ind1="0" ind2=" " tag="362"><subfield code="a">Vol. 1, no. 1 (Apr. 20, 1923)-v. 3, no. 42 (Jan. 21, 1926).</subfield></datafield><datafield ind1=" " ind2=" " tag="752"><subfield code="a">United States</subfield><subfield code="b">Kansas</subfield><subfield code="c">Kingman</subfield><subfield code="d">Penalosa.</subfield></datafield><datafield ind1="0" ind2="7" tag="785"><subfield code="t">Langdon leader</subfield><subfield code="w">(DLC)sn 85030746</subfield></datafield><datafield ind1="0" ind2="7" tag="785"><subfield code="t">Langdon leader and the Penalosa times</subfield><subfield code="w">(DLC)sn 85030747</subfield></datafield></record>